<record><leader>00000cas a22000007a 4500</leader><controlfield tag="001">13177723</controlfield><controlfield tag="008">860220d188u1896inuwr ne      0    0eng d</controlfield><datafield ind1=" " ind2=" " tag="010"><subfield code="a">sn 86058262 </subfield></datafield><datafield ind1=" " ind2=" " tag="040"><subfield code="a">NPI</subfield><subfield code="b">eng</subfield><subfield code="c">NPI</subfield><subfield code="d">OCLCQ</subfield><subfield code="d">IUL</subfield><subfield code="d">OCLCF</subfield></datafield><datafield ind1="1" ind2=" " tag="029"><subfield code="a">AU@</subfield><subfield code="b">000023563866</subfield></datafield><datafield ind1=" " ind2=" " tag="042"><subfield code="a">msc</subfield></datafield><datafield ind1=" " ind2=" " tag="043"><subfield code="a">n-us-in</subfield></datafield><datafield ind1="0" ind2=" " tag="130"><subfield code="a">Portland sun (Portland, Ind.)</subfield></datafield><datafield ind1="1" ind2="4" tag="245"><subfield code="a">The Portland sun.</subfield></datafield><datafield ind1=" " ind2=" " tag="260"><subfield code="a">Portland, Ind. :</subfield><subfield code="b">[W.W. Timmonds],</subfield><subfield code="c">-1896.</subfield></datafield><datafield ind1=" " ind2=" " tag="300"><subfield code="a">volumes</subfield></datafield><datafield ind1=" " ind2=" " tag="310"><subfield code="a">Semiweekly (twice a week),</subfield><subfield code="b">&lt;1895&gt;-1896</subfield></datafield><datafield ind1=" " ind2=" " tag="321"><subfield code="a">Weekly,</subfield><subfield code="b">&lt;1889-1892&gt;</subfield></datafield><datafield ind1="0" ind2=" " tag="362"><subfield code="a">-v. 26, no. 3 [i.e. 23] (Oct. 2, 1896).</subfield></datafield><datafield ind1=" " ind2=" " tag="500"><subfield code="a">Publisher's name from Miller, John W. Indiana newspaper bibliog.</subfield></datafield><datafield ind1=" " ind2=" " tag="580"><subfield code="a">Published 1908- also in a daily edition called: Daily sun (Portland. Ind.).</subfield></datafield><datafield ind1=" " ind2=" " tag="588"><subfield code="a">Description based on: Vol. 19, no. 20 (Sept. 6, 1889).</subfield></datafield><datafield ind1=" " ind2="0" tag="651"><subfield code="a">Portland (Ind.)</subfield><subfield code="v">Newspapers.</subfield></datafield><datafield ind1=" " ind2="0" tag="651"><subfield code="a">Jay County (Ind.)</subfield><subfield code="v">Newspapers.</subfield></datafield><datafield ind1=" " ind2="7" tag="651"><subfield code="a">Indiana</subfield><subfield code="z">Jay County.</subfield><subfield code="2">fast</subfield><subfield code="0">(OCoLC)fst01208876</subfield></datafield><datafield ind1=" " ind2="7" tag="651"><subfield code="a">Indiana</subfield><subfield code="z">Portland.</subfield><subfield code="2">fast</subfield><subfield code="0">(OCoLC)fst01235716</subfield></datafield><datafield ind1=" " ind2="7" tag="655"><subfield code="a">Newspapers.</subfield><subfield code="2">fast</subfield><subfield code="0">(OCoLC)fst01423814</subfield></datafield><datafield ind1=" " ind2=" " tag="752"><subfield code="a">United States</subfield><subfield code="b">Indiana</subfield><subfield code="c">Jay</subfield><subfield code="d">Portland.</subfield></datafield><datafield ind1="1" ind2=" " tag="775"><subfield code="t">Daily sun (Portland, Ind.)</subfield><subfield code="w">(DLC)sn 86058263</subfield><subfield code="w">(OCoLC)13177735</subfield></datafield><datafield ind1="0" ind2="0" tag="780"><subfield code="t">Portland weekly sun</subfield><subfield code="w">(DLC)sn 86058261</subfield><subfield code="w">(OCoLC)13177701</subfield></datafield><datafield ind1="0" ind2="0" tag="785"><subfield code="t">Sun (Portland, Ind.)</subfield><subfield code="w">(DLC)sn 87056773</subfield><subfield code="w">(OCoLC)16856794</subfield></datafield></record>